<record><leader>00000cas a2200000 a 4500</leader><controlfield tag="001">232285216</controlfield><controlfield tag="008">080618d192419uudcuwr ne      0    0eng c</controlfield><datafield ind1=" " ind2=" " tag="010"><subfield code="a">  2008225095</subfield></datafield><datafield ind1=" " ind2=" " tag="040"><subfield code="a">CRL</subfield><subfield code="b">eng</subfield><subfield code="c">CRL</subfield><subfield code="d">CRL</subfield><subfield code="d">OCLCQ</subfield><subfield code="d">OCLCF</subfield></datafield><datafield ind1=" " ind2=" " tag="042"><subfield code="a">pcc</subfield></datafield><datafield ind1=" " ind2=" " tag="043"><subfield code="a">n-us---</subfield></datafield><datafield ind1="0" ind2=" " tag="130"><subfield code="a">National kourier (Washington, D.C. : Southwestern ed.)</subfield></datafield><datafield ind1="1" ind2="4" tag="245"><subfield code="a">The National kourier.</subfield></datafield><datafield ind1="1" ind2="7" tag="246"><subfield code="a">Kourier</subfield></datafield><datafield ind1=" " ind2=" " tag="250"><subfield code="a">Southwestern ed.</subfield></datafield><datafield ind1=" " ind2=" " tag="260"><subfield code="a">Washington, D.C. :</subfield><subfield code="b">Empire Pub. Co.</subfield></datafield><datafield ind1=" " ind2=" " tag="300"><subfield code="a">v. :</subfield><subfield code="b">ill.</subfield></datafield><datafield ind1=" " ind2=" " tag="310"><subfield code="a">Weekly</subfield></datafield><datafield ind1="1" ind2=" " tag="362"><subfield code="a">Began in 1924.</subfield></datafield><datafield ind1=" " ind2=" " tag="530"><subfield code="a">Also issued on microfilm.</subfield></datafield><datafield ind1=" " ind2=" " tag="550"><subfield code="a">"Official organ Knights of the Ku Klux Klan."</subfield></datafield><datafield ind1=" " ind2=" " tag="580"><subfield code="a">Issued also in various other regional editions, including North Atlantic ed., North Central ed., South Atlantic ed., Western and Pacific ed., and various state eds. including: Illinois kourier, Indiana kourier, Iowa kourier, Kansas kourier, Michigan kourier, Ohio kourier, Texas kourier, and Wisconsin kourier.</subfield></datafield><datafield ind1=" " ind2=" " tag="588"><subfield code="a">Description based on: Vol. 4, no. 16 (Mar. 6, 1925).</subfield></datafield><datafield ind1=" " ind2=" " tag="588"><subfield code="a">Latest issue consulted: Vol. 4, no. 23 (Apr. 24, 1925).</subfield></datafield><datafield ind1="2" ind2="0" tag="610"><subfield code="a">Ku Klux Klan (1915- )</subfield><subfield code="v">Newspapers.</subfield></datafield><datafield ind1=" " ind2="0" tag="650"><subfield code="a">White supremacy movements</subfield><subfield code="z">United States</subfield><subfield code="v">Newspapers.</subfield></datafield><datafield ind1=" " ind2="0" tag="650"><subfield code="a">Race discrimination</subfield><subfield code="z">United States</subfield><subfield code="v">Newspapers.</subfield></datafield><datafield ind1=" " ind2="0" tag="650"><subfield code="a">Racism</subfield><subfield code="v">Newspapers.</subfield></datafield><datafield ind1=" " ind2="0" tag="650"><subfield code="a">Anti-Catholicism</subfield><subfield code="v">Newspapers.</subfield></datafield><datafield ind1=" " ind2="0" tag="650"><subfield code="a">Antisemitism</subfield><subfield code="v">Newspapers.</subfield></datafield><datafield ind1=" " ind2="7" tag="655"><subfield code="a">Newspapers.</subfield><subfield code="2">fast</subfield><subfield code="0">(OCoLC)fst01423814</subfield></datafield><datafield ind1="2" ind2="7" tag="610"><subfield code="a">Ku Klux Klan (1915- )</subfield><subfield code="2">fast</subfield><subfield code="0">(OCoLC)fst00545624</subfield></datafield><datafield ind1=" " ind2="7" tag="650"><subfield code="a">Anti-Catholicism.</subfield><subfield code="2">fast</subfield><subfield code="0">(OCoLC)fst00810287</subfield></datafield><datafield ind1=" " ind2="7" tag="650"><subfield code="a">Antisemitism.</subfield><subfield code="2">fast</subfield><subfield code="0">(OCoLC)fst00810769</subfield></datafield><datafield ind1=" " ind2="7" tag="650"><subfield code="a">Race discrimination.</subfield><subfield code="2">fast</subfield><subfield code="0">(OCoLC)fst01086465</subfield></datafield><datafield ind1=" " ind2="7" tag="650"><subfield code="a">Racism.</subfield><subfield code="2">fast</subfield><subfield code="0">(OCoLC)fst01086616</subfield></datafield><datafield ind1=" " ind2="7" tag="650"><subfield code="a">White supremacy movements.</subfield><subfield code="2">fast</subfield><subfield code="0">(OCoLC)fst01174715</subfield></datafield><datafield ind1=" " ind2="7" tag="651"><subfield code="a">United States.</subfield><subfield code="2">fast</subfield><subfield code="0">(OCoLC)fst01204155</subfield></datafield><datafield ind1="2" ind2=" " tag="710"><subfield code="a">Ku Klux Klan (1915- )</subfield></datafield><datafield ind1=" " ind2=" " tag="752"><subfield code="a">United States</subfield><subfield code="b">District of Columbia</subfield><subfield code="d">Washington.</subfield></datafield><datafield ind1="1" ind2=" " tag="775"><subfield code="t">National kourier (Washington, D.C. : North Central ed.)</subfield><subfield code="w">(OCoLC)18796047</subfield></datafield><datafield ind1="1" ind2=" " tag="775"><subfield code="t">National kourier (Washington, D.C. : North Atlantic ed.)</subfield><subfield code="w">(DLC)sn 92060555</subfield><subfield code="w">(OCoLC)26960405</subfield></datafield><datafield ind1="1" ind2=" " tag="775"><subfield code="t">National kourier (Atlanta, Ga. : South Atlantic ed.)</subfield><subfield code="w">(DLC)  2008225094</subfield><subfield code="w">(OCoLC)232280429</subfield></datafield><datafield ind1="1" ind2=" " tag="775"><subfield code="t">National kourier (Washington, D.C. : Western and Pacific ed.)</subfield><subfield code="w">(DLC)  2008225096</subfield><subfield code="w">(OCoLC)232285797</subfield></datafield><datafield ind1="1" ind2=" " tag="775"><subfield code="t">Illinois kourier</subfield><subfield code="w">(DLC)sn 93062808</subfield><subfield code="w">(OCoLC)27358141</subfield></datafield><datafield ind1="1" ind2=" " tag="775"><subfield code="t">Indiana kourier</subfield><subfield code="w">(DLC)sn 85038010</subfield><subfield code="w">(OCoLC)11636710</subfield></datafield><datafield ind1="1" ind2=" " tag="775"><subfield code="t">Iowa Kourier</subfield><subfield code="w">(OCoLC)1753892</subfield></datafield><datafield ind1="1" ind2=" " tag="775"><subfield code="t">Michigan kourier</subfield><subfield code="w">(DLC)sn 97070644</subfield><subfield code="w">(OCoLC)38187296</subfield></datafield><datafield ind1="1" ind2=" " tag="775"><subfield code="t">Missouri kourier</subfield><subfield code="w">(DLC)sn 90061193</subfield><subfield code="w">(OCoLC)21091261</subfield></datafield><datafield ind1="1" ind2=" " tag="775"><subfield code="t">Ohio kourier</subfield><subfield code="w">(DLC)sn 84024490</subfield><subfield code="w">(OCoLC)11126767</subfield></datafield><datafield ind1="1" ind2=" " tag="775"><subfield code="t">Texas kourier</subfield><subfield code="w">(DLC)sn 86090810</subfield><subfield code="w">(OCoLC)10929010</subfield></datafield><datafield ind1="1" ind2=" " tag="775"><subfield code="t">Wisconsin kourier</subfield><subfield code="w">(OCoLC)18795787</subfield></datafield></record>